4710 5778
1202 246 1223 310 2

310 471 410 534 prope
433 450 571 515 Theram
586 449 726 514 insulam
742 449 1076 528 Lacedaemoniorum,
1092 455 1283 532 tempestate
1301 452 1390 533 gravi
1405 453 1542 516 iactatos
1558 471 1626 522 esse
1642 451 1846 534 Argonautas
1869 471 1982 517 cursus
1996 451 2126 528 inscios,

311 552 396 617 laete
419 571 488 616 esse
505 551 652 635 epulatos
674 553 707 614 in
731 551 837 615 insula
852 551 999 634 Apolline
1014 559 1144 616 auctore
1167 572 1207 614 ex
1221 554 1286 615 imo
1308 553 1389 616 mari
1414 559 1493 616 orta.
1531 560 1629 635 atque
1651 561 1690 618 nt
1710 561 1837 620 taceam
1851 554 1890 618 de
1913 555 1980 618 situ
2001 553 2127 619 insulae

312 661 462 720 accurate
492 653 633 732 definito,
657 661 690 718 et
719 661 943 737 tempestatem
971 660 1005 718 et
1032 654 1290 740 comissationem
1320 653 1408 717 haud
1435 653 1520 718 male
1550 675 1619 720 esse
1652 658 1851 739 excogitatas
1881 656 1987 738 quivis
2015 664 2128 738 sponte

312 757 485 840 intelleget.
531 755 632 838 qnid?
655 775 760 820 nonne
782 757 862 820 satis
884 757 1001 820 mirum
1024 755 1112 836 qnod
1133 753 1213 820 dicit
1234 754 1424 838 Apollonius
1447 757 1532 821 1694
1555 777 1645 839 sqq.:

726 855 845 928 αὐτίκα
867 861 904 927 δὲ
927 865 1093 946 Κρηταῖον
1114 855 1197 948 όπέρ
1219 859 1304 944 μέγα
1327 863 1447 946 λαῖτμα
1470 859 1609 940 θέοντας

724 960 785 1044 νέξ
807 958 921 1050 ἐφόβει
943 959 1003 1048 τήν
1025 959 1088 1051 πίρ
1103 987 1137 1028 τε
1158 959 1345 1030 κατουλάδα
1366 960 1599 1050 κικλήσκουσιν·

725 1057 809 1130 νύκτ’
831 1060 930 1149 ὀλοήν
952 1060 1011 1130 οὐκ
1033 1061 1134 1153 άστρα
1156 1063 1329 1147 διίσχανεν,
1353 1057 1412 1132 οόκ
1434 1061 1604 1155 α’μαρυγαί

597 1241 619 1246 ,.
661 1233 664 1240 .
726 1187 839 1252 τινος·

312 1265 501 1338 κατουλάδα
532 1259 635 1339 νύκτα
654 1273 746 1331 teste
777 1267 953 1332 scholiasta
980 1287 996 1330 e
1020 1266 1186 1350 Sophoclis
1209 1267 1350 1352 Nauplio
1375 1270 1522 1352 sumpsit,
1545 1265 1602 1334 'sed
1631 1271 1749 1335 scimus
1776 1276 1904 1334 noctem
1933 1267 2033 1348 illam,
2062 1289 2129 1350 qna

313 1391 410 1436 nares
425 1370 568 1435 Graecae
591 1367 634 1433 ad
656 1368 804 1452 scopulos
826 1367 1007 1452 Caphereos
1031 1369 1142 1434 allisae
1164 1378 1249 1449 sunt,
1273 1391 1336 1436 non
1360 1371 1463 1436 solnm
1487 1371 1692 1454 caliginosam
1716 1371 1774 1437 sed
1795 1372 1894 1437 etiam
1915 1370 2129 1454 procellosam

310 1473 418 1538 fuisse.
460 1471 549 1553 quod
571 1471 700 1536 disemis
722 1471 828 1537 verbis
851 1470 967 1536 addam
989 1470 1101 1536 debuit
1127 1480 1231 1555 poeta,
1255 1482 1293 1538 nt
1315 1472 1441 1539 addidit
1462 1473 1621 1538 Homerus
1643 1477 1662 1555 ξ
1686 1474 1750 1538 457
1774 1493 1833 1556 τη,
1857 1492 1954 1555 quem
1975 1473 2010 1536 ni
2032 1472 2128 1538 fallor

311 1584 387 1642 ante
409 1575 519 1640 oculos
542 1574 672 1640 habuit:

725 1674 783 1759 νδξ
805 1674 835 1744 δ’
855 1674 908 1766 ἄρ’
930 1677 1058 1764 ἐπῆλθε
1079 1678 1162 1766 κακή
1184 1677 1401 1767 σκοτομήνιος,
1428 1676 1463 1747 ὗε
1484 1676 1515 1745 δ’
1536 1675 1601 1765 άρα
1622 1680 1706 1758 Ζεύς

726 1777 899 1862 πάννυχος·
923 1775 1030 1869 αδτάρ
1053 1773 1106 1848 oisc
1129 1779 1280 1872 Ζέφυρος
1302 1782 1404 1867 μέχας
1426 1781 1497 1850 αἰὲν
1518 1779 1669 1872 ἔφυδρος.

312 1885 431 1948 mirum
454 1904 581 1965 quoque
605 1882 798 1965 Argonautis
828 1881 910 1945 nihil
939 1881 1169 1965 suppeditasse,
1193 1881 1278 1946 unde
1301 1883 1360 1947 deo
1383 1885 1537 1948 seruatori
1559 1882 1737 1948 liberaliter
1765 1890 1897 1966 possent
1928 1881 2127 1947 sacrificare:

313 1987 399 2050 1719
422 2006 510 2068 sqq.:

728 2085 822 2176 (λέξον
844 2083 874 2153 δ’
896 2084 976 2155 ὅσσα
998 2114 1061 2180 περ
1084 2083 1203 2178 άνδρες
1224 2087 1367 2178 ἐρημαίῃ
1389 2087 1436 2156 ε”νι
1462 2089 1567 2180 ῥέζειν

726 2187 807 2277 α’κτή
828 2189 1070 2279 ἐφοπλίσσειαν·
1093 2187 1111 2259 ό
1133 2187 1175 2277 δή
1199 2213 1301 2282 σφεας
1323 2187 1455 2261 ὁππότε
1477 2194 1591 2265 δαλοῖς

727 2289 816 2380 ὕδωρ
839 2291 1067 2376 αἰθομένοισιν
1089 2293 1338 2378 ἐπιλλείβοντας
1359 2296 1469 2363 ἴδοντο

729 2395 885 2480 Μηδείης
906 2398 1016 2480 δμωαί
1040 2395 1224 2482 Φαιηκίδες,
1248 2395 1352 2464 οὐκέτ’
1374 2395 1492 2465 ἔπειτα

727 2500 831 2578 ἴσχειν
852 2496 886 2565 ἐν
908 2495 1070 2584 στήθεσσι
1091 2498 1175 2583 χέλω
1198 2498 1324 2577 σθένον,
1348 2492 1404 2567 οἷα
1426 2496 1575 2584 θαμειάςΙ

727 2599 798 2667 αῖέν
819 2599 854 2666 ἐν
875 2595 1061 2668 Ἀλκινόοιο
1082 2603 1278 2685 βοοκτασίας
1299 2599 1454 2692 ὁροοῖσαι.

313 2700 392 2783 quid
415 2701 545 2765 multa?
585 2699 710 2765 dnobus
732 2701 870 2765 inventis
885 2701 951 2767 illis
966 2703 1030 2765 rim
1052 2704 1246 2768 narrationis
1268 2724 1332 2767 non
1353 2703 1493 2786 infringi,
1509 2703 1565 2767 sed
1581 2703 1689 2786 augeri
1704 2709 1774 2767 tam
1795 2701 2074 2783 perspicuumst,
2090 2707 2129 2764 ut

317 2803 424 2868 verbis
440 2823 572 2884 parcere
587 2803 693 2867 liceat.
733 2801 789 2866 sed
805 2823 826 2866 a
839 2802 976 2882 Conone,
992 2807 1048 2885 qui
1070 2812 1218 2869 auctores
1240 2825 1315 2870 suos
1337 2805 1419 2869 solet
1440 2804 1657 2886 exscribere‚¹)
1673 2803 1755 2867 talia
1768 2801 1881 2867 addita
1902 2822 1971 2867 esse
1993 2823 2056 2866 non
2078 2811 2130 2867 est

314 2903 474 2970 credibile.
511 2906 609 2969 immo
625 2905 706 2969 latet
720 2912 832 2969 auctor
846 2905 880 2968 in
894 2904 999 2970 verbis
1014 2904 1151 2972 Cononis
1165 2905 1250 2993 αὕτη
1265 2905 1295 2974 δ’
1311 2907 1398 2976 ἐστὶν
1422 2905 1507 2996 ὑπὲρ
1522 2905 1621 2994 νήσου
1639 2902 1750 2996 Θήρας
1772 2901 1833 2989 οδχ
1847 2902 1926 2980 ἑκάς
1946 2910 2006 2996 τῆς
2020 2917 2128 2976 Λακε-

312 3009 502 3093 δαιμονίων,
519 3008 636 3091 quippe
656 3027 738 3089 quae
761 3015 910 3072 accurate
933 3016 1110 3092 congruant
1132 3030 1206 3074 cum
1220 3008 1399 3092 fragmento
1414 3008 1697 3074 Callimacheo
1720 3006 1803 3070 113⁸
1817 3002 1989 3094 Αίχλήιην
2002 3006 2129 3077 Ἀνά-

312 3136 393 3202 φην
414 3139 450 3180 τε
473 3111 691 3178 Λακωνίδι
712 3110 886 3195 χείτονα
910 3109 1021 3202 Θήρῃ
1043 3111 1094 3176 bis
1115 3111 1247 3176 laudato
1271 3133 1291 3176 a
1312 3111 1485 3178 Strabone:

657 3228 673 3292 1
696 3231 739 3293 46
762 3251 788 3294 o.
1623 3231 1653 3293 X
1675 3231 1741 3294 484
1764 3251 1791 3294 o.

313 3335 441 3422 λέγεται
455 3321 562 3402 πολλά
583 3330 743 3423 τεκμήρια
759 3331 813 3420 τής
836 3359 870 3402 τε
887 3327 1030 3407 Ἰάσονος
1045 3357 1142 3424 σιρα-
1299 3338 1377 3426 περὶ
1400 3336 1437 3404 δὲ
1457 3335 1518 3422 τήν
1542 3332 1675 3425 Κρήτην
1698 3330 1762 3400 εῖσῖ
1784 3333 1883 3420 νῆσοι,
1908 3327 2003 3423 Θήρα
2024 3333 2084 3415 μὲν
2107 3329 2127 3418 ή

312 3441 401 3514 τείας
430 3439 485 3505 καί
513 3439 573 3523 τῆς
603 3438 741 3525 Φρίξου·
768 3441 827 3521 τῆς
855 3432 885 3502 δ’
907 3433 1056 3510 Ἰάσονος
1087 3440 1142 3506 καί
1299 3443 1361 3507 τῶν
1387 3440 1585 3528 Κυρηναίων
1612 3431 1826 3526 μητρόπολις,
1856 3432 1999 3514 άποικος
2021 3445 2128 3502 Λακε-

313 3547 377 3609 τιῖν
410 3537 660 3623 ἐπιδιωξάντων
696 3536 833 3621 Κόλχων
865 3540 920 3606 καί
955 3539 1053 3630 μέχρι
1085 3545 1144 3628 τῆς
1298 3541 1487 3624 δαιμονίων,
1521 3541 1576 3608 καί
1608 3538 1747 3624 πλησίον
1778 3526 1897 3624 ταότης
1922 3534 2064 3627 Ἀνάφη,
2095 3537 2129 3604 ἐν

316 3640 449 3735 Κρήτης
480 3645 534 3710 καὶ
563 3649 624 3729 τῆς
649 3637 789 3720 Ἰταλίας
824 3643 879 3709 καί
905 3640 965 3711 τοῦ
992 3639 1143 3730 Ἀδρίου,
1299 3635 1381 3732 ήτδ
1404 3647 1468 3711 τοῦ
1489 3637 1658 3730 Αἰχλήτου
1679 3635 1886 3715 Ἀπόλλωνος
1907 3636 2004 3730 ἱερόν.
2042 3639 2130 3724 λέγει

314 3739 369 3815 τόν
390 3743 488 3816 ἐνια
515 3747 587 3813 καί
621 3742 640 3812 ὁ
674 3745 958 3830 Καλλίμαχος
990 3742 1143 3832 ἐπιση·
1298 3746 1336 3814 δὲ
1357 3747 1412 3814 καί
1436 3745 1701 3830 Καλλίμαχος
1723 3743 1879 3827 τοτέμὲν
1900 3740 2003 3822 οὕτως

314 3849 547 3935 μαίνεται,
570 3850 642 3916 τοτὲ
663 3848 723 3933 μὲν
1384 3846 1548 3936 Αἰγλήτην
1570 3867 1596 3911 ο.
1619 3868 1650 3928 q.
1674 3867 1698 3911 s.

401 3948 565 4040 Αἰγλήτην
588 3973 613 4016 e.
636 3972 667 4032 q.
691 3972 715 4016 s.
1136 3971 1143 3983 ·
1298 3952 1372 4020 τοτὲ
1396 3952 1432 4020 δὲ
1454 3957 1511 4038 τῆς
1535 3947 1648 4038 Θήρας
1669 3947 1832 4036 μνησθείς

314 4054 414 4140 λόγων
1385 4051 1491 4144 μήτηρ
1514 4052 1661 4122 εὐίππου
1683 4053 1842 4142 πατρίδος
1857 4048 2025 4140 ἡμετέρης.

313 4157 480 4250 άρχμενος,
503 4156 547 4235 ὦς
569 4154 671 4244 ἥρωες
693 4153 751 4224 ἄπ’
772 4149 903 4244 Αἰήταο
926 4157 1076 4225 Κυταίου
1961 4151 2014 4238 (ln.
2044 4151 2129 4238 112).

403 4255 497 4340 αότις
518 4257 553 4333 ἐς
575 4256 712 4348 ἀρχαίην
735 4259 851 4329 δ’πλτον
873 4259 1038 4347 Αἱμονίην
1301 4257 1339 4323 of.
1363 4257 1536 4323 Schneider
1559 4255 1638 4322 Gall.
1660 4255 1745 4340 Hp.
1770 4257 1810 4320 79
1834 4275 1905 4337 sqq.

316 4362 370 4448 (fr.
395 4363 457 4426 113
467 4361 508 4448 b),
530 4363 604 4431 τοτὲ
626 4363 663 4431 δὲ
685 4364 763 4452 περί
786 4367 851 4430 ταῖν
874 4361 1019 4447 Κόλχων.

316 4503 358 4514 -
382 4466 529 4548 sequitur
549 4463 588 4528 fr.
614 4465 687 4532 104.

472 4565 705 4631 Hexametrum
728 4567 835 4632 soluta
857 4567 1000 4632 oratione
1023 4587 1208 4650 expressum
1231 4587 1304 4631 cum
1328 4567 1420 4630 initio
1442 4565 1570 4631 fabulae
1588 4565 1732 4649 posuerit
1753 4563 2018 4648 mythographns‚
2040 4559 2129 4626 haud

321 4709 449 4718 *α-

476 4773 494 4840 ¹)
512 4771 545 4828 ol.
565 4788 633 4841 quas
651 4773 788 4843 disputavi
808 4773 834 4825 in
855 4771 996 4828 Analectis
1013 4771 1352 4829 Alexandrino-Romanis
1369 4789 1395 4842 p.
1416 4771 1449 4826 27
1468 4788 1509 4840 sq.
1529 4789 1556 4841 p.
1575 4771 1608 4824 49
1627 4785 1688 4839 sqq.
