4710 5778
1101 213 1256 310 ,8-

274 410 371 474 etiam
394 408 590 476 Claudianus
612 413 646 476 in
668 411 800 498 Eutrop.
825 414 841 478 I
866 413 928 479 159
951 435 1022 498 sqq.
1043 415 1132 481 hund
1151 415 1288 482 fortitu
1309 423 1481 500 utrumque
1504 417 1647 486 fabulam
1670 422 1851 488 coniunxit:

688 519 734 580 sic
756 515 872 584 ocultus
887 518 992 599 fluuio
1015 525 1102 584 uates
1125 523 1233 585 arente
1247 539 1311 600 per
1332 540 1444 600 cumas,

687 617 808 698 hospite
830 620 886 701 qui
908 639 997 686 caeso
1018 621 1139 686 monuit
1153 621 1291 702 placare
1314 621 1495 704 Τοιισνίεω,

686 720 830 785 inuentos
845 723 976 802 primm
997 721 1165 788 Busiridis
1187 723 1331 790 imbuit
1353 745 1442 810 aros,

687 827 716 886 ct
738 822 847 888 cecidit
867 823 958 890 saeui
980 825 1063 906 quad
1085 825 1212 892 diceret
1233 825 1338 893 hostio
1359 829 1458 906 sueri,

687 923 735 990 sic
758 925 865 1007 opifer
887 928 974 992 tauri
996 932 1279 1011 tormentorumque
1299 936 1450 1012 repertor,
1493 981 1496 986 .

687 1025 743 1108 qui
763 1028 890 1107 funesta
911 1049 994 1094 uara
1013 1029 1228 1111 fabricaverat
1249 1051 1326 1097 aero
1349 1031 1458 1112 dalmi,

681 1128 846 1209 primus
869 1130 1126 1213 inexpertum
1151 1131 1260 1200 Siculo
1283 1140 1407 1218 oapeute
1428 1139 1562 1218 ίηιαυκο

685 1232 822 1297 scrisit
851 1251 954 1314 opus
982 1233 1145 1314 docuitque
1171 1254 1267 1300 suum
1296 1237 1418 1320 mupire
1445 1237 1617 1304 iuuencum.

270 1347 375 1409 neque
405 1329 491 1392 enim
521 1329 615 1395 credo
637 1329 815 1398 Claudiana
838 1332 1002 1400 doctrines
1024 1335 1260 1402 Alexandrinae
1290 1339 1394 1420 perito
1405 1337 1430 1424 ¹)
1460 1338 1565 1405 solum
1586 1339 1734 1406 Ovidium
1764 1348 1840 1407 unte
1872 1341 1982 1407 oculos
2013 1363 2083 1409 esse

274 1430 488 1497 obversatum.
533 1432 670 1517 denique
693 1435 871 1500 audiendus
892 1435 959 1502 Ibis
983 1436 1121 1504 Nasonis
1143 1440 1223 1506 397:

684 1543 719 1602 ut
741 1539 796 1619 qui
811 1546 888 1621 post
911 1540 1038 1623 ioupum
1060 1543 1147 1606 socri
1166 1547 1337 1608 mostratur
1361 1543 1464 1626 iniqui

653 1637 656 1646 '
735 1641 841 1707 clicuit
857 1641 990 1722 pluuias
1012 1644 1140 1709 uictima
1163 1663 1277 1710 caesus
1299 1665 1411 1728 aquas.
1451 1671 1453 1678 ’

268 1746 441 1821 utramque
463 1738 607 1806 fabulum
630 1745 833 1808 semunciam
855 1742 954 1809 fuisse
977 1743 1162 1810 sButtIade
1185 1767 1225 1811 ex
1247 1747 1466 1814 imitatoribus
1479 1747 1622 1815 laudatis
1643 1751 1713 1816 iure
1729 1750 1933 1818 concluseris.
1977 1772 2082 1835 neque

270 1841 482 1908 adversantur
504 1842 685 1927 fragmenta
708 1847 788 1910 2⁴22:

683 1943 809 2032 τεάχων
830 1947 876 2030 ὥς
898 1949 1000 2042 ἑτέρῳ
1022 1974 1072 2026 τις
1094 1951 1138 2038 ἑῷ
1159 1949 1257 2020 κακόν
1280 1950 1383 2042 ἥπατι
1405 1951 1513 2038 τεύχει

269 2055 302 2110 et
332 2046 412 2110 182:
447 2047 663 2133 Αίμυπτος
696 2052 996 2144 προπάροιθεν
1030 2050 1092 2122 ἐπ’
1122 2052 1238 2123 ἐννέα
1271 2052 1453 2146 κάρφετο
1487 2057 1608 2132 ποίας
1640 2057 1679 2123 cl.
1713 2057 1820 2125 Senes.
1856 2066 1980 2142 quaest.
2013 2067 2079 2127 nsi.

267 2147 313 2214 IV
335 2149 365 2228 2,
390 2149 439 2213 15.
483 2152 548 2214 iarn
571 2151 652 2216 haec
673 2153 754 2216 mihi
780 2173 948 2236 compare:

487 2252 635 2336 Apollod.
658 2252 732 2318 115
757 2255 806 2335 11,
830 2257 867 2320 6:
1500 2259 1615 2345 Hygin.
1639 2259 1703 2327 feb.
1726 2262 1825 2329 LVI.:

266 2353 368 2422 Μετά
391 2342 519 2440 Λιβύην
541 2356 579 2425 δέ
600 2355 773 2443 Αἴγυπτον
798 2356 931 2448 διεξῄει.
976 2359 1097 2448 ταύτης
1592 2364 1738 2431 Busiris.

266 2457 438 2543 ἐβασίλευε
474 2455 629 2550 Βούσιρις
666 2462 873 2540 Ποσειδῶνος
914 2469 996 2543 παῖς
1039 2466 1095 2532 καί
1249 2463 1294 2529 Im
1317 2462 1458 2547 Aepypto
1486 2465 1575 2546 apud
1601 2466 1787 2533 Busiridem
1809 2467 1953 2551 Neptuni
1978 2469 2080 2553 titium

266 2556 503 2647 Λυσιανάσσης
517 2566 575 2648 τῆς
589 2556 748 2653 Ἐπάφου.
781 2561 876 2644 οὗτος
890 2562 968 2640 τούς
982 2565 1095 2650 ξένους
1250 2585 1321 2632 cum
1354 2571 1434 2632 esset
1469 2567 1623 2633 sterilitas
1654 2573 1684 2633 et
1716 2567 1921 2653 Aeppptos
1957 2575 2080 2639 cuuis

265 2660 366 2732 ίθνεν
388 2665 444 2732 ἐπί
461 2661 565 2751 βωμῷ
578 2660 660 2739 Aris
681 2663 765 2734 κατά
787 2693 821 2734 τι
843 2659 960 2752 λάμιαν·
975 2668 1093 2736 ἐννέα
1248 2689 1387 2735 uocem
1408 2669 1601 2736 siccitate
1623 2671 1872 2752 exaruisset,
1889 2693 1926 2738 eoa
1943 2673 2080 2740 Graecia

265 2767 342 2857 γάρ
365 2763 438 2854 ἔτη
462 2763 622 2858 άφορία
644 2769 713 2856 τήν
732 2771 952 2854 Αἴγυπτον
973 2770 1093 2839 κατέ·
1249 2791 1386 2855 σαρανεε
1413 2772 1600 2838 conuocauit.
1645 2772 1835 2856 curasses
1859 2773 2079 2859 Pppmatiouis

264 2873 383 2955 λαβε,
401 2867 544 2960 Θράσιος
566 2871 603 2940 di
624 2870 732 2940 έλθιλν
753 2873 789 2941 ἐκ
812 2871 962 2964 Κάπρου,
981 2871 1097 2959 μάντις
1251 2875 1336 2940 catis
1355 2874 1441 2956 pitius
1464 2872 1616 2939 Busiridi
1637 2879 1824 2943 monstrauit
1844 2877 2003 2946 immolato
2025 2879 2080 2945 ho-

263 2971 322 3058 την
343 2969 538 3060 ἐπιστήμην,
561 2969 625 3063 ἔφη
648 2962 705 3061 την
727 2974 871 3067 ἀφορίαν
893 2974 1096 3056 παύσεσθαι,
1251 2977 1334 3059 spite
1352 2981 1499 3044 uenturas
1518 2977 1635 3041 imbres
1648 2979 1879 3061 proruissisque
1898 2981 1992 3062 fidere
2010 2983 2080 3064 ipse

265 3073 324 3144 irio
351 3073 441 3158 ξένω
463 3073 567 3165 ἄνδρα
593 3079 641 3161 τῷ
662 3080 721 3145 Διί
749 3077 903 3168 σφάξωσι
926 3077 994 3146 κατ’
1015 3076 1095 3153 ἔτος.
1250 3079 1430 3146 immolatus
1452 3077 1633 3160 cchihuit³).
1723 3103 1730 3112 ·

266 3169 423 3270 Βούσιρις
438 3179 474 3248 δὲ
489 3178 613 3248 ἐκεῖνον
625 3184 756 3272 πρῶτον
771 3180 898 3272 σφάξας
913 3179 968 3249 τὸν
978 3179 1095 3267 μάντιν
1225 3191 1228 3198 ⁴
1250 3181 1334 3246 Plui.
1351 3180 1468 3248 Purull.
1484 3182 1560 3245 min.
1586 3181 1638 3248 38.
1681 3181 1834 3268 Βούσιρις
1854 3193 1936 3261 παῖς
1957 3193 2078 3255 Ποσει-

267 3270 343 3358 acis
364 3279 547 3374 παριόντας
568 3277 681 3367 ξένους
702 3283 834 3377 ἔσφαξ.
1147 3286 1188 3349 10
1245 3287 1348 3360 άῶνος
1369 3285 1425 3353 καὶ
1438 3282 1608 3373 Ἀνίππης
1622 3289 1681 3374 τῆς
1695 3285 1820 3355 Νείλου
1841 3286 1921 3364 τούς
1940 3287 2078 3380 παριόν-

267 3388 474 3478 συλληφθείς
503 3381 559 3454 οὖν
592 3390 648 3455 καὶ
679 3385 841 3480 Ἡρακλῆς
868 3397 938 3465 τοῖς
965 3396 1094 3475 βωμοῖς
1246 3414 1307 3468 τας
1349 3385 1486 3477 irretiat
1529 3390 1699 3479 φιλοξενίᾳ
1740 3390 1894 3459 κατέθυε·
1932 3395 2078 3479 μετῆλθε

265 3485 498 3582 προσεφέρετο,
521 3488 564 3559 τά
588 3493 624 3559 δὲ
647 3492 752 3575 δεσμά
781 3490 960 3584 διαρρήξας
981 3491 1040 3561 τάν
1056 3517 1093 3560 τε
1246 3487 1278 3559 δ’
1293 3484 1392 3560 αὐτὸν
1407 3489 1427 3580 ἦ
1443 3497 1507 3560 τῶν
1522 3488 1790 3579 τετελευτηκότων
1805 3493 1941 3579 νέμεσις.
1971 3494 2075 3584 Ἡρα-

265 3583 421 3682 Βοάσιριν
436 3595 490 3661 καί
507 3595 560 3660 air
575 3589 700 3663 ἐκείνου
715 3597 821 3664 παῖδα
831 3594 1093 3688 Ἀμφιδάμαντα
1247 3597 1324 3681 κλῆς
1346 3592 1410 3685 γάρ
1439 3591 1614 3669 ἐπιτεθεὶς
1641 3599 1685 3681 τῷ
1714 3592 1851 3687 ῥοπάλῳ
1872 3593 2076 3684 διεχριξσατο.

265 3694 442 3766 άπέκτεινε.
684 3713 690 3724 ·
1247 3695 1294 3778 οἷς
1314 3694 1473 3784 Ἀγάθων
1494 3695 1628 3783 Σάμιος.

422 3968 441 4036 ¹)
459 3970 493 4023 ct.
512 3985 580 4038 quus
597 3969 735 4038 dirpuuvi
753 3969 782 4023 in
800 3971 1005 4040 quaestiomhus
1022 3970 1214 4026 Phaethonteis
1232 3987 1257 4040 p.
1277 3971 1320 4038 50,
1339 3987 1366 4041 p.
1387 3971 1420 4024 62
1438 3985 1499 4039 sqq.
1517 3969 1600 4035 (Phil.
1624 3969 1729 4024 Untcrs.
1748 3969 1826 4024 VIII.
1844 3968 1967 4026 Berolini
1988 3969 2075 4042 1886.)

418 4053 440 4124 ²)
459 4055 476 4110 5
496 4055 615 4110 Hosius
630 4057 699 4110 llris.
718 4071 787 4112 corr.
806 4056 931 4126 Micyllus
950 4059 965 4112 6
983 4056 1085 4134 tratris
1102 4073 1171 4112 corr.
1190 4057 1320 4111 Heinsius
1339 4059 1368 4110 et
1384 4055 1522 4110 Munclrer.

420 4140 442 4212 3)
460 4142 495 4196 dc
506 4141 655 4196 Phalaride
673 4143 744 4196 dixit
763 4144 790 4196 ui
812 4141 890 4197 isllor
907 4142 1031 4211 Hyginus
1050 4159 1073 4198 c.
1086 4143 1138 4197 est
1156 4143 1207 4210 qui
1222 4142 1294 4196 iuter
1313 4157 1340 4197 se
1357 4141 1482 4196 amicitia
1499 4140 1665 4195 intentissimi
1676 4140 1804 4210 ficerunt,
1824 4141 1872 4196 scd
1889 4141 1984 4196 horum
2003 4140 2075 4210 cspi-
2100 4147 2104 4158 ·

262 4233 323 4282 turn
342 4229 387 4296 (ds
406 4229 505 4297 quibus
523 4228 661 4298 disputavi
678 4229 706 4283 in
724 4227 846 4283 Hermae
863 4226 916 4282 vol.
935 4227 1005 4282 XVI
1023 4245 1050 4298 p.
1069 4227 1217 4294 585-601)
1235 4227 1360 4282 condicio
1385 4231 1441 4280 tsrn
1459 4233 1501 4281 est
1518 4228 1623 4296 misere,
1643 4230 1674 4280 ut
1695 4225 1776 4281 hodie
1798 4226 1832 4280 de
1850 4227 1965 4295 pristinu
1989 4227 2076 4280 forms

264 4313 409 4368 diiudicari
427 4319 552 4382 nequest.
580 4331 665 4382 nsque
683 4317 770 4368 susim
788 4314 938 4378 decernere,
958 4319 1086 4382 qusntum
1100 4313 1189 4368 valent
1201 4313 1393 4383 Philargyrius,
1406 4314 1452 4382 qui
1471 4313 1560 4368 adhuc
1578 4312 1705 4366 sordibus
1723 4314 1836 4368 obrutus
1855 4312 1933 4376 isset,
1948 4311 1982 4365 sd
1995 4311 2076 4380 Virg.

262 4399 362 4468 Georg.
381 4397 464 4466 1115,
489 4400 565 4454 ouius
588 4399 671 4453 verbs
695 4399 839 4455 adscribo:
863 4399 976 4453 Busiris
993 4398 1116 4468 Aepppti
1136 4413 1185 4454 rec
1206 4397 1332 4452 omnihus
1354 4399 1435 4452 cauis
1453 4397 1515 4452 Ioui
1534 4399 1655 4468 hospites
1673 4398 1845 4470 immolabat:
1866 4413 1931 4452 uam
1944 4411 1997 4466 prr
2015 4401 2075 4449 acto

264 4487 354 4540 uanis
370 4485 497 4554 Aepppto
520 4485 667 4540 sterilitate
685 4485 833 4553 tohoraute,
845 4485 1012 4554 Pppmatiau
1029 4483 1093 4552 (sic)
1113 4484 1233 4555 Cyprius
1245 4483 1329 4553 finem
1345 4483 1474 4552 futurum
1490 4500 1545 4538 aaa
1564 4485 1612 4550 ait,
1622 4484 1678 4538 uisi
1693 4486 1822 4554 saupur‘ue
1830 4483 1945 4552 hospitis
1962 4481 2074 4536 litatum

260 4570 370 4640 fuisset.
402 4571 512 4640 primus
535 4575 624 4625 autem
646 4571 775 4642 thyestes
798 4572 860 4641 (sic)
887 4571 1038 4640 alimipeua
1054 4571 1210 4626 ἐπανοίσειν
1226 4571 1355 4639 oripirum
1377 4571 1513 4637 socriicm
1535 4569 1616 4624 dedit.
1652 4569 1713 4626 Alii
1735 4571 1789 4624 sic:
1812 4568 1924 4623 Busiris
1948 4566 2077 4637 Neptuni

264 4657 342 4723 arius
362 4673 411 4712 res
429 4657 555 4724 Aepppti,
575 4658 625 4724 oui
641 4673 701 4711 αικι
720 4658 780 4712 1συί
801 4659 918 4726 hospites
938 4658 1095 4722 stimularet,
1116 4658 1185 4726 pari
1201 4657 1318 4726 exemplo
1335 4662 1475 4712 mactatus
1491 4661 1531 4711 cst
1550 4657 1584 4712 ab
1601 4656 1727 4722 Heracle,
1749 4657 1840 4725 ipsum
1861 4669 1966 4724 quoque
1989 4667 2075 4708 ausus

265 4743 326 4797 aris
344 4741 490 4797 admouere.
