4710 5778
819 1293 1504 1421 GALLIMAGHEA.

399 1563 590 1631 Callimachi
611 1570 725 1648 poetae
749 1560 939 1646 Cyrenensis
961 1561 1214 1644 fragmentorum
1236 1563 1293 1644 qni
1313 1568 1389 1644 post
1411 1559 1586 1626 Ricardum
1601 1558 1784 1624 Bentleium
1806 1559 1911 1623 virum
1934 1579 2062 1626 summa

243 1667 457 1736 admiratione
473 1667 605 1750 dignum
628 1666 771 1748 suscepit
793 1672 827 1728 et
849 1663 1101 1748 colligendorum
1122 1671 1157 1729 et
1179 1662 1442 1746 explicandorum
1464 1682 1582 1728 mimus
1604 1660 1710 1726 multa
1731 1659 1863 1744 quidem
1885 1667 1919 1727 et
1933 1664 2062 1746 egregia

243 1773 412 1856 praestitit
426 1769 463 1835 Ο.
479 1767 654 1835 Schneider
668 1769 717 1832 vir
733 1766 949 1844 doctissimus,
964 1765 1022 1832 sod
1036 1768 1136 1833 nimio
1158 1768 1254 1851 plura
1275 1767 1396 1833 sciendi
1419 1766 1526 1832 studio
1549 1765 1715 1850 abreptus,
1731 1763 1899 1830 detiorum
1913 1767 2062 1851 inprimis

244 1875 350 1958 operis
372 1873 467 1956 longe
494 1869 693 1935 celeberrimi
715 1867 852 1934 formam
875 1868 1046 1952 descripsit
1067 1889 1088 1934 a
1109 1868 1308 1936 Callimacho
1337 1871 1483 1936 alienam.
1520 1887 1605 1951 quae
1627 1887 1702 1933 cum
1730 1869 1779 1934 ita
1801 1888 1835 1935 se
1858 1867 1978 1934 habere
2000 1870 2062 1932 riri

243 1973 333 2042 docti
362 1973 418 2039 diu
446 1973 678 2058 perspexerint,
705 1973 823 2036 mirum
851 1978 903 2036 est
930 1991 1050 2056 paucos
1080 1970 1179 2037 fnisse
1206 1974 1263 2055 qui
1292 1974 1438 2039 rectioris
1466 1972 1633 2036 Aetiornm
1661 1973 1811 2054 imaginis
1842 1970 2063 2036 informandae

243 2097 375 2161 operam
401 2077 437 2140 in
464 2096 500 2141 se
530 2077 738 2159 susciperent.
790 2075 943 2138 nimirum
972 2073 1128 2158 singulari
1164 2094 1244 2158 opus
1273 2084 1324 2141 est
1356 2075 1591 2157 disquisitione,
1621 2081 1660 2138 ut
1689 2077 1831 2158 primum
1864 2073 2062 2158 singularum

243 2178 420 2262 elegiarum
450 2177 645 2242 definiantur
674 2179 872 2259 argumenta,
894 2196 970 2240 narn
994 2175 1101 2242 forma
1127 2179 1278 2243 carminis
1301 2177 1464 2262 descripta
1491 2176 1647 2258 reliquias
1677 2177 1765 2261 ipsas
1792 2196 1886 2242 versu
1915 2176 2063 2243 conditas

242 2281 434 2366 plerumque
456 2283 524 2346 sine
546 2300 663 2363 magno
686 2281 813 2362 negotio
835 2277 953 2344 infame
982 2279 1102 2344 licebit.
1148 2287 1246 2363 atque
1268 2301 1342 2346 cum
1371 2288 1446 2345 ante
1468 2287 1593 2362 septem
1616 2278 1682 2344 sere
1712 2297 1814 2346 annos
1842 2300 1900 2364 ego
1930 2287 2061 2346 auctore

244 2389 279 2448 et
309 2403 441 2450 suasore
469 2381 624 2448 Udahico
660 2381 700 2446 de
729 2380 1198 2447 Wilamowitz-Moellendorff
1223 2382 1366 2447 Linum
1396 2390 1428 2448 et
1457 2379 1691 2466 Phyllidem
1726 2385 1896 2447 restituere
1927 2391 2062 2450 conatus

242 2505 347 2551 essem
355 2484 391 2567 ¹),
413 2485 531 2548 iterum
559 2504 694 2550 munere
717 2483 955 2548 dissertationis
981 2483 1169 2549 scribendae
1190 2483 1233 2549 ad
1261 2507 1313 2550 me
1336 2484 1453 2564 delato,
1474 2485 1574 2568 selegi
1594 2483 1757 2564 nonnulla,
1782 2485 1820 2549 de
1843 2485 1962 2567 quibus
1984 2485 2063 2570 (etsi

241 2587 315 2652 lans
338 2585 503 2652 doctrinae
524 2607 625 2672 paene
648 2589 775 2670 integra
797 2585 933 2651 debetur
956 2585 1165 2672 Schneidere)
1188 2587 1309 2651 rectius
1332 2586 1479 2666 dicerem,
1502 2607 1601 2670 quam
1624 2587 1671 2650 illi
1693 2587 1794 2652 licuit.

1139 2789 1168 2873 I.

397 2942 485 3009 Oeno
514 2965 535 3008 a
562 2943 677 3009 Photio
700 2944 794 3028 (bibl.
819 2943 887 3011 cod
911 2942 1116 3032 CLXXXVI)
1139 2951 1309 3029 excerptus
1331 2943 1371 3008 de
1394 2944 1542 3028 Apolline
1563 2945 1698 3028 Aegleta
1719 2943 1800 3009 haec
1828 2943 1927 3008 refert
1950 2966 1975 3010 c.
1998 2945 2061 3011 49:

304 3047 355 3122 Ὡς
384 3049 419 3115 ἑν
449 3044 573 3137 Ἀνάφη
603 3054 645 3136 τῇ
676 3041 762 3135 νήσῳ
792 3044 893 3134 (αὕτη
921 3045 952 3114 δ’
981 3049 1069 3118 ἐστίν
1100 3046 1184 3140 ὑπὲρ
1212 3045 1311 3135 νὴσου
1345 3043 1459 3136 Θὴρας
1492 3048 1552 3131 οὐχ
1583 3037 1658 3126 ἕνας
1686 3055 1745 3135 τῆς
1776 3049 2061 3134 Λακεδαιμονίων)

306 3146 397 3239 ίερδν
411 3147 613 3223 ’Λπόλλωνος
623 3147 789 3236 Alyattos
803 3149 947 3231 ἵδρυται,
963 3149 998 3218 ἐν
1019 3141 1046 3238 ᾦ
1061 3149 1122 3220 σδν
1136 3151 1306 3236 τονδασμῷ
1321 3149 1354 3218 οἱ
1369 3148 1545 3241 ἐπιχώριοι
1559 3143 1684 3218 θύουσι
1703 3149 1754 3216 δι’
1770 3149 1881 3218 αἰτίαν
1895 3149 2061 3239 τοιαύτην.

306 3249 362 3320 ὅτε
383 3249 499 3320 Ἰάσων
526 3251 563 3320 ἐκ
584 3239 721 3334 Κόλχων
742 3249 898 3340 Μήδειαν
929 3246 1088 3340 ἁρπάσας
1109 3251 1214 3323 οἴκαδ’
1237 3250 1341 3331 ἔπλει,
1371 3253 1493 3338 χειμών
1523 3249 1643 3326 αὖτοδς
1670 3248 1796 3342 doctos
1825 3252 1978 3342 περιέσχε
2006 3256 2062 3322 καί

308 3350 476 3440 ἀμηχανία
498 3359 599 3422 πᾶσα.
644 3351 827 3438 οἰχομένων
848 3353 920 3435 δὲ’)
942 3355 997 3421 καί
1019 3356 1126 3442 πολλοὶ
1153 3361 1215 3424 ταῖν
1237 3355 1271 3426 ἐν
1293 3359 1335 3444 τῇ
1346 3352 1455 3445 Ἀργοῖ
1476 3354 1638 3439 δεομένων
1651 3353 1815 3422 Ἀπόλλων
1837 3352 1871 3423 τί
1874 3358 1930 3438 ξον
1952 3356 2062 3425 αὐτῶν

262 3455 284 3519 5
305 3445 536 3547 ὑπερανασχών
551 3454 592 3524 τοί
608 3453 701 3525 δεινοί
718 3455 865 3524 διέλυσεν
880 3455 1011 3524 ἅπαντα
1031 3461 1087 3526 καί
1110 3457 1243 3538 σίίατος
1257 3457 1293 3539 ἐξ
1315 3453 1459 3547 ου’ρανοῦ
1480 3457 1687 3537 διαίσσοντος
1708 3461 1806 3544 νῆσον
1829 3455 1961 3541 ἀνέσχεν
1983 3456 2062 3547 ἦχῆ

305 3561 340 3628 ἐκ
365 3558 422 3628 τοῦ
442 3557 562 3644 dodoi,
591 3559 641 3633 είς
670 3555 709 3646 ἢν
738 3551 958 3644 ὁρμισάμενοι
987 3555 1032 3638 ὥς
1060 3564 1194 3649 πρῶτον
1222 3557 1387 3650 ὀφθεῖσαν
1416 3557 1474 3651 ὑφ’
1497 3559 1593 3649 ἦλίον
1622 3559 1698 3628 τότε
1718 3554 1871 3650 Ἀνάφην
1902 3559 1971 3628 α’πό
2001 3565 2062 3635 τίς

306 3661 484 3744 συντυχίας
505 3659 660 3730 ἐνδίεσαν
682 3663 736 3728 καί
761 3658 850 3750 ίερδν
861 3655 1073 3742 ’Λπόλλωνος
1086 3651 1255 3750 Αἰχίητον
1278 3643 1453 3753 ἱδρύσαντο
1474 3665 1529 3731 καί
1550 3660 1762 3754 εὐφραίνοντο
1785 3669 1841 3752 τῆς
1863 3659 2060 3732 ἀνελπίστου

304 3761 369 3832 τῶν
388 3767 493 3830 κακῶν
512 3761 701 3849 ἀπαλλαγῆς
715 3765 922 3838 <ουσίαις>
938 3766 993 3832 καί
1008 3765 1108 3850 [ταῖς]
1132 3764 1247 3846 ἄλλαις
1262 3765 1427 3850 εὐωχίαις.
1466 3764 1603 3852 Μήδεια
1623 3767 1660 3834 δὲ
1682 3765 1740 3835 σίν
1763 3773 1836 3844 ταῖς
1860 3763 1944 3855 ἀμφ’
1959 3763 2060 3854 αὐτὴν

305 3866 461 3951 γυναιξίν,
476 3869 517 3933 at*
528 3868 632 3952 δῶρον
654 3861 734 3954 ἦσαν
755 3865 869 3952 γάμων
883 3873 947 3936 τῶν
961 3864 1116 3945 Ἰάσονος,
1133 3869 1311 3955 παίζουσαι
1327 3867 1412 3954 perd
1428 3869 1538 3956 μέθην
1554 3866 1718 3937 ἔσκωπτον
1739 3868 1817 3943 τούς
1839 3865 1949 3959 ἥρωας
1971 3867 2005 3936 ἐν
2021 3874 2060 3956 τῇ

241 3968 285 4032 10
306 3969 501 4051 παννυχίδι·
529 3969 562 4036 cl
591 3970 628 4037 δὲ
664 3959 891 4052 οἷντετυίθαζον
921 3969 982 4043 τᾶς
1009 3977 1173 4056 γυναῖκας.
1219 3969 1254 4039 ἔκ
1282 3965 1399 4040 τούτου
1431 3977 1601 4058 τοιγαροῦν
1631 3975 1686 4040 καὶ
1709 3969 1903 4062 Ἀναφαίων
1931 3967 1949 4038 ὁ
1980 3967 2060 4044 λαός

306 4069 451 4160 (ᾠκίσθη
478 4067 542 4162 peip
571 4067 591 4158 ἡ
621 4072 728 4159 νῆσος)
751 4069 812 4142 dvi
832 4077 898 4141 πᾶν
920 4071 993 4147 ε”τος
1014 4070 1202 4141 Ἀπόλλωνι
1224 4064 1371 4164 Αίχίὴτη
1393 4079 1628 4165 νερτυμοῦντοςΙ
1648 4068 1809 4162 ἀλλήλους
1831 4070 1945 4162 ἑορτὴν
1973 4073 2057 4140 κατά

306 4176 447 4262 μίμησιν
468 4170 596 4241 ἐκείνων
619 4172 760 4260 ίίχοοσιν.

397 4275 490 4380 flare
512 4274 657 4340 fabulam
679 4279 741 4342 viri
764 4277 851 4342 docti
874 4300 913 4342 ex
927 4276 1089 4362 Apollonii
1106 4277 1329 4360 Argonauticis
1348 4277 1406 4354 (IV
1422 4277 1651 4366 leae-1730)
1666 4278 1818 4343 haustam
1841 4297 1911 4340 esse
1933 4281 2057 4340 statne-

240 4386 325 4444 runt.
371 4387 407 4443 at
435 4379 500 4443 tria
528 4379 627 4443 refert
656 4382 802 4465 scriptor,
826 4401 909 4463 quae
939 4381 1061 4446 frustra
1091 4399 1226 4461 quaeres
1255 4379 1342 4462 apud
1372 4379 1474 4460 illum,
1503 4383 1600 4445 sitam
1632 4401 1700 4444 esse
1730 4379 1886 4463 Anaphen
1918 4379 2057 4444 insulam

398 4618 417 4688 ¹)
435 4619 571 4674 Analecta
588 4579 919 4674 ΛίοωαυδνίυοΕοονυνια
937 4620 1003 4678 diss.
1022 4617 1175 4690 Gryphisw.
1196 4619 1263 4675 1880
1281 4635 1309 4687 p.
1324 4621 1355 4676 14
1374 4635 1434 4689 sqq.

404 4703 464 4773 214
485 4706 569 4759 verbe
593 4707 704 4760 turbata
726 4707 876 4762 restitueris
898 4723 931 4760 ex
951 4705 1099 4775 Apollonio
1118 4706 1159 4760 lV
1181 4707 1246 4760 1703
1271 4721 1331 4776 sqq.
1368 4707 1384 4760 t
1407 4705 1578 4763 scribendum
1597 4705 1711 4760 fortasse
1730 4703 1743 4772 ἢ
1760 4705 1804 4772 Γῆ.
1840 4705 1856 4759 8
1880 4710 1977 4762 θυσίαις
1998 4703 2057 4758 add.

239 4789 334 4860 lleyne
351 4798 404 4850 ταῖς
421 4790 474 4846 del.
516 4791 549 4844 10
563 4788 686 4858 Ἅναφοως
704 4796 732 4843 A
751 4807 822 4848 corr.
839 4791 860 4847 1.
879 4792 988 4845 Bekker
1002 4789 1109 4858 Ἀνάφης
1128 4789 1201 4861 vulg.

1848 4896 1862 4947 1
